@article{woodward1996digital,
  title={Digital underwater acoustic voice communications},
  author={Woodward, Bryan and Sari, Hayri},
  journal={Oceanic Engineering, IEEE Journal of},
  volume={21},
  number={2},
  pages={181--192},
  year={1996},
  publisher={IEEE}
}

@article{goodfellow1977underwater,
	title={Underwater engineering},
	author={Goodfellow, Ron},
	year={1977},
	publisher={Penn Well Books, Tulsa, OK}
}

@inproceedings{catipovic1989acoustic,
	title={An acoustic telemetry system for deep ocean mooring data acquisition and control},
	author={Catipovic, Josko and Deffenbaugh, Josko Max and Freitag, Lee and Frye, Daniel},
	booktitle={OCEANS'89. Proceedings},
	volume={3},
	pages={887--892},
	year={1989},
	organization={IEEE}
}
@article{stojanovic1996recent,
	title={Recent advances in high-speed underwater acoustic communications},
	author={Stojanovic, Milica},
	journal={Oceanic Engineering, IEEE Journal of},
	volume={21},
	number={2},
	pages={125--136},
	year={1996},
	publisher={IEEE}
}

@article{proakis1991adaptive,
	title={Adaptive equalization for TDMA digital mobile radio},
	author={Proakis, John G},
	journal={Vehicular Technology, IEEE Transactions on},
	volume={40},
	number={2},
	pages={333--341},
	year={1991},
	publisher={IEEE}
}

@inproceedings{hinton1992adaptive,
	title={An Adaptive, High-Bit Rate, Sub-Sea Communications System},
	author={Hinton, OR and Howe, GS and Adams, AE},
	booktitle={Proc. Europ. Conf. on Underwater Acoustics},
	pages={75--79},
	year={1992}
}

@inproceedings{xie2001network,
	title={A network layer protocol for UANs to address propagation delay induced performance limitations},
	author={Xie, Geoffrey G and Gibson, John H},
	booktitle={OCEANS, 2001. MTS/IEEE Conference and Exhibition},
	volume={4},
	pages={2087--2094},
	year={2001},
	organization={IEEE}
}

@inproceedings{yeo1999analysis,
	title={Analysis of a multi-element multi-user receiver for a shallow water acoustic network (SWAN) based on recursive successive interference cancellation (RSIC) technique},
	author={Yeo, HK and Sharif, Bayan S and Hinton, Oliver and Adams, AE},
	booktitle={OCEANS'99 MTS/IEEE. Riding the Crest into the 21st Century},
	volume={3},
	pages={1537--1541},
	year={1999},
	organization={IEEE}
}
@article{蔡惠智2006第八讲,
	title={水声通信及其研究进展},
	author={蔡惠智 and 刘云涛 and 蔡慧 and 邓红超 and 王永丰},
	journal={物理},
	volume={35},
	number={12},
	pages={0--0},
	year={2006}
}

@inproceedings{lapierre2001design,
	title={Design of a communication protocol for underwater acoustic modems and networks},
	author={Lapierre, Gerard and Chevallier, Ludovic and Gallaud, Fabrice and Ayela, Gerard},
	booktitle={OCEANS, 2001. MTS/IEEE Conference and Exhibition},
	volume={4},
	pages={2220--2226},
	year={2001},
	organization={IEEE}
}

@inproceedings{johnson1994design,
	title={The design and performance of a compact underwater acoustic network node},
	author={Johnson, Mark and Herold, David and Catipovic, Josko},
	booktitle={OCEANS'94.'Oceans Engineering for Today's Technology and Tomorrow's Preservation.'Proceedings},
	volume={3},
	pages={III--467},
	year={1994},
	organization={IEEE}
}